<?xml version="1.0" encoding="UTF-8"?><collection xmlns="http://www.loc.gov/MARC21/slim"><record><leader>00590nam--2200181-i-4500</leader><controlfield tag="001">000016855</controlfield><controlfield tag="002">20161230</controlfield><controlfield tag="005">20161230201032</controlfield><controlfield tag="008">060222s1000------------r-----000-0-eng-d</controlfield><datafield ind1=" " ind2=" " tag="040"><subfield code="a">IFIN-HH</subfield></datafield><datafield ind1=" " ind2=" " tag="080"><subfield code="a">535.375(061.3)</subfield></datafield><datafield ind1="1" ind2=" " tag="100"><subfield code="a">Comes, F.J</subfield></datafield><datafield ind1="1" ind2="0" tag="245"><subfield code="a">Abstract of contribued papers. xiv european congress on molecular spectroscopy. modern trends in spectroscopy</subfield><subfield code="b">FRANKFURT (m) 3-7 SEPTEMBER 1979</subfield><subfield code="c">F.J. COMES; A. MULLER (Eds.)</subfield></datafield><datafield ind1=" " ind2=" " tag="260"><subfield code="a">Frankfurt Am Main</subfield><subfield code="b">Universitat</subfield><subfield code="c">1979</subfield></datafield><datafield ind1=" " ind2=" " tag="300"><subfield code="a">359 P</subfield></datafield><datafield ind1="1" ind2=" " tag="700"><subfield code="a">Muller, A</subfield></datafield><datafield ind1=" " ind2=" " tag="852"><subfield code="a">74986</subfield><subfield code="c">535.33</subfield></datafield><datafield ind1=" " ind2=" " tag="CAT"><subfield code="a">Sys</subfield><subfield code="c">20101221</subfield><subfield code="h">084448</subfield></datafield></record></collection>